<?xml version="1.0" encoding="UTF-8"?><collection xmlns="http://www.loc.gov/MARC21/slim"><record><leader>00296nam--2200109-i-4500</leader><controlfield tag="001">000025714</controlfield><controlfield tag="002">20161230</controlfield><controlfield tag="005">20161230201036</controlfield><controlfield tag="008">060222s1000------------r-----000-0-eng-d</controlfield><datafield ind1=" " ind2=" " tag="245"><subfield code="a">The institute of physics conference series: 7.gallium arsenide</subfield></datafield><datafield ind1=" " ind2=" " tag="260"><subfield code="a">London, The Inst.Of Ph., 1968</subfield></datafield><datafield ind1=" " ind2=" " tag="852"><subfield code="a">77441</subfield></datafield></record></collection>